% Encoding: UTF-8

@InCollection{Malley2016,
  author    = {Malley, Brian and Ramazzotti, Daniele and Wu, Joy Tzung-yu},
  title     = {Data Pre-processing},
  booktitle = {Secondary Analysis of Electronic Health Records},
  publisher = {Springer International Publishing},
  year      = {2016},
  pages     = {115--141},
  address   = {Cham},
  abstract  = {In this chapter, the reader will gain knowledge and practical skills about preparing raw clinical data for secondary statistical analysis.},
  doi       = {10.1007/978-3-319-43742-2_12},
  url       = {https://doi.org/10.1007/978-3-319-43742-2_12},
}

@Article{Lu2015,
  author   = {Lu, Yonglong and Nakicenovic, Nebojsa and Visbeck, Martin and Stevance, Anne-Sophie},
  title    = {Five priorities for the UN sustainable development goals: restructure data-gathering and evaluation networks to address climate change, energy, food, health and water provision, say Yonglong Lu and colleagues},
  journal  = {Nature},
  year     = {2015},
  volume   = {520},
  pages    = {432+},
  month    = apr,
  issn     = {00280836},
  database = {Academic OneFile},
  doi      = {10.1038/520432a},
  keywords = {Sustainable development, United Nations},
  language = {English},
}

@Article{Nilsson2016,
  author   = {Nilsson, Mans and Griggs, Dave and Visbeck, Martin},
  title    = {Map the interactions between sustainable development goals},
  journal  = {Nature},
  year     = {2016},
  volume   = {534},
  pages    = {320+},
  month    = jun,
  issn     = {00280836},
  database = {Academic OneFile},
  doi      = {10.1038/534320a},
  keywords = {Sustainable development, Declaration on Sustainable Development, 2002, United Nations},
  language = {English},
}

@Article{Broszeit2017,
  author   = {Broszeit, Stefanie and Beaumont, Nicola J. and Uyarra, Maria C. and Heiskanen, Anna-Stiina and Frost, Matthew and Somerfield, Paul J. and Rossberg, Axel G. and Teixeira, Heliana and Austen, Melanie C.},
  title    = {What can indicators of good environmental status tell us about ecosystem services?: Reducing efforts and increasing cost-effectiveness by reapplying biodiversity indicator data},
  journal  = {Ecological Indicators},
  year     = {2017},
  volume   = {81},
  pages    = {409--442},
  month    = oct,
  issn     = {1470-160X},
  keywords = {Marine ecosystem services, Marine strategy framework directive, Marine biodiversity assessment, Biodiversity strategy indicators},
  url      = {http://www.sciencedirect.com/science/article/pii/S1470160X17303126},
}

@Article{HuguetFerran2018,
  author        = {Huguet Ferran, Pau and Heijungs, Reinout and Vogtländer, Joost G.},
  title         = {Critical Analysis of Methods for Integrating Economic and Environmental Indicators},
  journal       = {Ecological Economics},
  year          = {2018},
  volume        = {146},
  pages         = {549--559},
  month         = apr,
  issn          = {0921-8009},
  __markedentry = {[Brian:]},
  keywords      = {Eco-efficiency, Ratio, Weighting, Vector optimisation, Composite indicators, Integration methods},
  url           = {http://www.sciencedirect.com/science/article/pii/S0921800916312642},
}

@InCollection{Helsel2011,
  author        = {Helsel, Dennis R.},
  title         = {Three Approaches for Censored Data},
  publisher     = {John Wiley \& Sons, Inc.},
  year          = {2011},
  pages         = {12--21},
  __markedentry = {[Brian:6]},
  issn          = {9781118162729},
  journal       = {Statistics for Censored Environmental Data Using Minitab® and R},
  url           = {http://dx.doi.org/10.1002/9781118162729},
}

@TechReport{Jonge2013,
  author      = {Edwin de Jonge and Mark van der Loo},
  title       = {An introduction to data cleaning with R},
  institution = {Statistic Netherland},
  year        = {2013},
  number      = {60083 201313- X-10-13},
  note        = {Accessed 29 Jan 2018},
  url         = {https://cran.r-project.org/doc/contrib/de_Jonge+van_der_Loo-Introduction_to_data_cleaning_with_R.pdf},
}

@TechReport{Soley2013,
  author      = {Marina Soley-Bori},
  title       = {Dealing with missing data: Key assumptions and methods for applied analysis},
  institution = {Boston University School of Public Health},
  year        = {2013},
  number      = {4},
  note        = {Accessed 30 Jan 2018},
  url         = {https://www.bu.edu/sph/files/2014/05/Marina-tech-report.pdf},
}

@Article{Smith2014,
  author  = {Mark Stafford-Smith},
  title   = {UN sustainability goals need quantified targets},
  journal = {Nature},
  year    = {2014},
  volume  = {513},
  number  = {7518},
  doi     = {10.1038/513281a},
}

@Book{Wood2012,
  title     = {Canadian environmental indicators: air quality},
  publisher = {Fraser Institute},
  year      = {2012},
  author    = {Joel Wood},
  note      = {Accessed 29 Jan 2018},
  url       = {https://www.fraserinstitute.org/sites/default/files/canadian-environmental-indicators-air-quality-2012.pdf},
}

@Book{Wood2013,
  title     = {Canadian environmental indicators: Water},
  publisher = {Fraser Institute},
  year      = {2013},
  author    = {Joel Wood},
  note      = {Accessed 29 Jan 2018},
  url       = {https://www.fraserinstitute.org/sites/default/files/canadian-environmental-indicators-water-2013.pdf},
}

@Book{MEA2003,
  title       = {Ecosystems and Human Well-being: A Framework for Assessment},
  publisher   = {Island Press},
  year        = {2003},
  author      = {{Millennium Ecosystem Assessment}},
  isbn        = {9781559634038},
  shortauthor = {MEA},
  url         = {https://www.millenniumassessment.org/en/Framework.html},
}

@Article{Ellington2015,
  author  = {Ellington, E. Hance and Bastille-Rousseau, Guillaume and Austin, Cayla and Landolt, Kristen N. and Pond, Bruce A. and Rees, Erin E. and Robar, Nicholas and Murray, Dennis L.},
  title   = {Using multiple imputation to estimate missing data in meta-regression},
  journal = {Methods in Ecology and Evolution},
  year    = {2015},
  volume  = {6},
  number  = {2},
  pages   = {153-163},
  issn    = {2041-210X},
  doi     = {10.1111/2041-210X.12322},
  type    = {Journal Article},
}

@Article{Horton2007,
  author             = {Horton, Nicholas J. and Kleinman, Ken P.},
  title              = {Much ado about nothing: A comparison of missing data methods and software to fit incomplete data regression models},
  journal            = {The American statistician},
  year               = {2007},
  volume             = {61},
  pages              = {79-90},
  month              = {Feb},
  issn               = {0003-1305},
  doi                = {10.1198/000313007X172556},
  issue              = {1},
  language           = {eng},
  title-abbreviation = {Am Stat},
}

@TechReport{IPCC2007,
  author      = {{Intergovernmental Panel on Climate Change}},
  title       = {{Contribution of Working Group I to the Fourth Assessment Report of the Intergovernmental Panel on Climate Change}},
  institution = {Intergovernmental Panel on Climate Change},
  year        = {2007},
  type        = {Report},
  note        = {Accessed 26 Jan 2018},
  shortauthor = {IPCC},
  url         = {http://www.ipcc.ch/publications_and_data/ar4/wg1/en/contents.html},
}

@Article{Kang2013,
  author  = {Kang, Hyun},
  title   = {The prevention and handling of the missing data},
  journal = {Korean Journal of Anesthesiology},
  year    = {2013},
  volume  = {64},
  number  = {5},
  pages   = {402-406},
  issn    = {2005-6419},
  doi     = {10.4097/kjae.2013.64.5.402},
  type    = {Journal Article},
  url     = {http://www.ncbi.nlm.nih.gov/pmc/articles/PMC3668100/},
}

@Article{Cristelli2012,
  author  = {Cristelli, Matthieu and Zaccaria, Andrea and Pietronero, Luciano},
  title   = {Universal relation between skewness and kurtosis in complex dynamics},
  journal = {Physical Review E},
  year    = {2012},
  volume  = {85},
  number  = {6},
  pages   = {066108},
  doi     = {10.1103/PhysRevE.85.066108},
  type    = {Journal Article},
  url     = {http://link.aps.org/doi/10.1103/PhysRevE.85.066108},
}

@Article{Cox2010,
  author  = {Cox, N.J.},
  title   = {Speaking {S}tata: The limits of sample skewness and kurtosis},
  journal = {Stata Journal},
  year    = {2010},
  volume  = {10},
  pages   = {482-495},
  note    = {Accesses 26 Jan 2018},
  url     = {http://www.stata-journal.com/article.html?article=st0204},
}

@Article{Freeman2017,
  author    = {Brian Freeman and Ed McBean and Bahram Gharabaghi and Jesse Th\'e},
  title     = {Evaluation of air quality zone classification methods based on ambient air concentration exposure},
  journal   = {Journal of the Air \& Waste Management Association},
  year      = {2017},
  volume    = {67},
  number    = {5},
  pages     = {550-564},
  doi       = {10.1080/10962247.2016.1263585},
  publisher = {Taylor \& Francis},
}

@Comment{jabref-meta: databaseType:bibtex;}
